% Encoding: UTF-8

@Article{,
  author  = {Adam Zimny},
  title   = {Testowy tytu≈Ç},
  journal = {yryryr},
  year    = {2016},
}

@Comment{jabref-meta: databaseType:bibtex;}
